@article{Book,
   author = {Ionut Danaila, Pascal Joly, Sidi Mahmoud Kaber, Marie Postel},
   title = {An introduction to Scientific Computing Twelve Computational Projects Solved with MATLAB},
   journal = {Research},
   volume = {2018},
   pages = {252--256},
   DOI = {10.1155/2018/1340806},
   year = {2018},
   type = {Journal Article}
}
